@article{angeris2019analysis,
  title={An analysis of Uniswap markets},
  author={Angeris, Guillermo and Kao, Hsien-Tang and Chiang, Rei and Noyes, Charlie and Chitra, Tarun},
  journal={arXiv preprint arXiv:1911.03380},
  year={2019}
}